@inproceedings{kour2014real,
  title={Real-time segmentation of on-line handwritten arabic script},
  author={Kour, George and Saabne, Raid},
  booktitle={Frontiers in Handwriting Recognition (ICFHR), 2014 14th International Conference on},
  pages={417--422},
  year={2014},
  organization={IEEE}
}

@inproceedings{kour2014fast,
  title={Fast classification of handwritten on-line Arabic characters},
  author={Kour, George and Saabne, Raid},
  booktitle={Soft Computing and Pattern Recognition (SoCPaR), 2014 6th International Conference of},
  pages={312--318},
  year={2014},
  organization={IEEE}
}

@article{hadash2018estimate,
  title={Estimate and Replace: A Novel Approach to Integrating Deep Neural Networks with Existing Applications},
  author={Hadash, Guy and Kermany, Einat and Carmeli, Boaz and Lavi, Ofer and Kour, George and Jacovi, Alon},
  journal={arXiv preprint arXiv:1804.09028},
  year={2018}
}

@book{texbook,
  author = {Donald E. Knuth},
  year = {1986},
  title = {The {\TeX} Book},
  publisher = {Addison-Wesley Professional}
}

@book{latex:companion,
  author = {Frank Mittelbach and Michel Gossens
            and Johannes Braams and David Carlisle
            and Chris Rowley},
  year = {2004},
  title = {The {\LaTeX} Companion},
  publisher = {Addison-Wesley Professional},
  edition = {2}
}

@book{latex2e,
  author = {Leslie Lamport},
  year = {1994},
  title = {{\LaTeX}: a Document Preparation System},
  publisher = {Addison Wesley},
  address = {Massachusetts},
  edition = {2}
}

@article{knuth:1984,
  title={Literate Programming},
  author={Donald E. Knuth},
  journal={The Computer Journal},
  volume={27},
  number={2},
  pages={97--111},
  year={1984},
  publisher={Oxford University Press}
}

@inproceedings{lesk:1977,
  title={Computer Typesetting of Technical Journals on {UNIX}},
  author={Michael Lesk and Brian Kernighan},
  booktitle={Proceedings of American Federation of
             Information Processing Societies: 1977
             National Computer Conference},
  pages={879--888},
  year={1977},
  address={Dallas, Texas}
}